<record><leader>00000cas a22000007a 4500</leader><controlfield tag="001">19335985</controlfield><controlfield tag="008">890309d18941920pauwr ne      0    0eng d</controlfield><datafield ind1=" " ind2=" " tag="010"><subfield code="a">sn 89077088 </subfield></datafield><datafield ind1=" " ind2=" " tag="040"><subfield code="a">NPH</subfield><subfield code="b">eng</subfield><subfield code="c">NPH</subfield><subfield code="d">OCLCQ</subfield></datafield><datafield ind1=" " ind2=" " tag="042"><subfield code="a">msc</subfield></datafield><datafield ind1="0" ind2="4" tag="245"><subfield code="a">The Ellwood citizen.</subfield></datafield><datafield ind1=" " ind2=" " tag="260"><subfield code="a">Ellwood City, Lawrence Co., Pa. :</subfield><subfield code="b">Poister &amp; Ash,</subfield><subfield code="c">1894-</subfield></datafield><datafield ind1=" " ind2=" " tag="300"><subfield code="a">v. :</subfield><subfield code="b">ill.</subfield></datafield><datafield ind1=" " ind2=" " tag="310"><subfield code="a">Weekly</subfield></datafield><datafield ind1="0" ind2=" " tag="362"><subfield code="a">Vol. 1, no. 1 (June 29, 1894)-</subfield></datafield><datafield ind1="1" ind2=" " tag="362"><subfield code="a">Ceased in 1920.</subfield></datafield><datafield ind1=" " ind2=" " tag="752"><subfield code="a">United States</subfield><subfield code="b">Pennsylvania</subfield><subfield code="c">Lawrence</subfield><subfield code="d">Ellwood City.</subfield></datafield><datafield ind1="0" ind2="7" tag="785"><subfield code="t">Shelby beacon</subfield></datafield><datafield ind1="0" ind2="7" tag="785"><subfield code="t">Evening ledger (Ellwood City, Pa.)</subfield><subfield code="w">(DLC)sn 89077089</subfield></datafield></record>